% This file was created with JabRef 2.7b.
% Encoding: UTF-8

@BOOK{R03,
  title = {Artificial Intelligence: A Modern Approach},
  publisher = {Prentice-Hall, Englewood Cliffs, NJ},
  year = {2003},
  author = {Stuart Russell and Peter Norvig},
  edition = {2nd edition}
}

