% This file was created with JabRef 2.7b.
% Encoding: UTF-8

@INPROCEEDINGS{B00,
  author = {Bouguet, J.Y.},
  title = {Matlab Camera Calibration Toolbox},
  year = {2000},
  added-at = {2010-03-01T21:37:50.000+0100},
  biburl = {http://www.bibsonomy.org/bibtex/29295ae3c54c0d07cec38002071ef034a/barabas},
  date-added = {2006-08-06 19:02:40 +0200},
  date-modified = {2006-08-17 19:20:20 +0200},
  description = {Bibliography for Masters Thesis},
  interhash = {44a3760f661b03673b825c538ae3ccd1},
  intrahash = {9295ae3c54c0d07cec38002071ef034a},
  keywords = {barabasMS},
  timestamp = {2010-03-01T21:37:50.000+0100}
}

@ARTICLE{opencv,
  author = {Bradski, G.},
  title = {{The OpenCV Library}},
  journal = {Dr. Dobb's Journal of Software Tools},
  year = {2000},
  citeulike-article-id = {2236121},
  keywords = {bibtex-import},
  posted-at = {2008-01-15 19:21:54},
  priority = {4}
}

@ARTICLE{DPSC09,
  author = {de Crist\'oforis, Pablo and Pedre, Sol and Stoliar, Andr\'es and
	Caccavelli , Javier},
  title = {ExaBot: a mini robot for research, education and popularization of
	science},
  journal = {VI Latin American Summer School in Computational Intelligence and
	Robotics - EVIC2009},
  year = {2009},
  month = {december},
  url = {http://publicaciones.dc.uba.ar/Publications/2009/DPSC09}
}

@INPROCEEDINGS{G10,
  author = {Andreas Geiger and Martin Roser and Raquel Urtasun},
  title = {Efficient Large-Scale Stereo Matching},
  booktitle = {Asian Conference on Computer Vision},
  year = {2010},
  address = {Queenstown, New Zealand},
  month = {November}
}

@BOOK{H04,
  title = {Multiple View Geometry in Computer Vision},
  publisher = {Cambridge University Press, ISBN: 0521540518},
  year = {2004},
  author = {Hartley, R.~I. and Zisserman, A.},
  edition = {Second}
}

@INPROCEEDINGS{H09,
  author = {Hasan, Anwar Hasni Abu and Hamzah, Rostam Affendi and Johar, Mohd
	Haffiz},
  title = {Region of Interest in Disparity Mapping for Navigation of Stereo
	Vision Autonomous Guided Vehicle},
  booktitle = {Proceedings of the 2009 International Conference on Computer Technology
	and Development - Volume 01},
  year = {2009},
  series = {ICCTD '09},
  pages = {98--102},
  address = {Washington, DC, USA},
  publisher = {IEEE Computer Society},
  acmid = {1676822},
  doi = {10.1109/ICCTD.2009.205},
  isbn = {978-0-7695-3892-1},
  keywords = {Stereo vision, disparity mapping, region of interest, Epipolar line,
	block matching algorithm},
  numpages = {5},
  url = {http://dx.doi.org/10.1109/ICCTD.2009.205}
}

@INPROCEEDINGS{KNG10,
  author = {Ioannis Kostavelis and Lazaros Nalpantidis and Antonios Gasteratos},
  title = {Comparative Presentation of Real-Time Obstacle Avoidance Algorithms
	Using Solely Stereo Vision},
  booktitle = {{IARP/EURON} International Workshop on Robotics for risky interventions
	and Environmental Surveillance-Maintenance},
  year = {2010},
  address = {Sheffield, UK},
  month = {January}
}

@ARTICLE{RH04,
  author = {Donald Rosselot and Ernest L. Hall},
  title = {Processing real-time stereo video for an autonomous robot using disparity
	maps and sensor fusion},
  journal = {Proc. of SPIE Intelligent Robots and Computer Vision XXI: Algorithms,
	Techniques, and Active Vision},
  year = {2004},
  volume = {5608},
  month = {Philadelphia, October},
  owner = {taihu},
  timestamp = {2012.07.18}
}

