@inproceedings{KNG10,
	Address = {Sheffield, UK},
	Author = {Ioannis Kostavelis and Lazaros Nalpantidis and Antonios Gasteratos},
	Booktitle = {{IARP/EURON} International Workshop on Robotics for risky interventions and Environmental Surveillance-Maintenance},
	Month = {January},
	Title = {Comparative Presentation of Real-Time Obstacle Avoidance Algorithms Using Solely Stereo Vision},
	Year = {2010}}
